

@misc{conway,
  author = {Amanda Conway},
  title = {Digital CV makeover? You are savvier than you think},
  year = {2020},
  url = {https://manunicareersblog.wordpress.com/2020/01/03/digital-cv-makeover-you-are-savvier-than-you-think}
}

@misc{consultants,
  author = {Amanda Conway},
  title = {Faculty of {S}cience and {E}ngineering - Key Careers Service Contacts at the {U}niversity of {M}anchester},
  year = {2025},
  url = {https://www.staffnet.manchester.ac.uk/supporting-students/careers/contacts/fsecontacts}}


@misc{finding,
  author = {Duncan Hull},
  title = {Finding {Y}our {F}uture},
  year = {2025},
  url = {https://www.cdyf.me/finding}
}

@misc{reading,
  author = {Duncan Hull},
  title = {Reading {Y}our {F}uture},
  year = {2025},
  url = {https://www.cdyf.me/reading}
}

@misc{writing,
  author = {Duncan Hull},
  title = {Writing {Y}our {F}uture},
  year = {2025},
  url = {https://www.cdyf.me/writing}
}

@misc{speaking,
  author = {Duncan Hull},
  title = {Speaking {Y}our {F}uture},
  year = {2025},
  url = {https://www.cdyf.me/speaking}
}

@misc{hearing,
  author = {Duncan Hull},
  title = {Hearing {Y}our {F}uture},
  year = {2025},
  url = {https://www.cdyf.me/hearing}
}

@misc{verbalising,
  author = {Duncan Hull},
  title = {Verbalising {Y}our {F}uture},
  year = {2025},
  url = {https://www.cdyf.me/verbalising}
}

@misc{experiencing,
  author = {Duncan Hull},
  title = {Experiencing {Y}our {F}uture},
  year = {2025},
  url = {https://www.cdyf.me/experiencing}
}

@misc{starting,
  author = {Duncan Hull},
  title = {Starting {Y}our {F}uture},
  year = {2025},
  url = {https://www.cdyf.me/starting}
}

@misc{debugging,
  author = {Duncan Hull},
  title = {Debugging {Y}our {F}uture},
  year = {2025},
  url = {https://www.cdyf.me/debugging}
}

@misc{ughandbook,
  author = {Paul Nutter},
  title = {Undergraduate {P}rogrammes {H}andbook: {C}omputer {S}cience},
  year = {2024},
  url = {https://bit.ly/UG-handbook-2024-25}
}

@misc{ratio,
  author = {Georgia Greer},
  title = {What's the state of graduate recruitment in 2024?},
  year = {2024},
  url = {https://luminate.prospects.ac.uk/whats-the-state-of-graduate-recruitment-in-2024}
}

@misc{poll,
  author = {Anne Engineer},
  title = {Create a Scheduling Poll in Outlook for Windows},
  year = {2025},
  url = {https://support.microsoft.com/en-us/office/create-a-scheduling-poll-in-outlook-for-windows-34176e59-c87a-4a19-85a4-bb35050ace02}
}

@misc{studyabroad,
  author = {UoM},
  title = {Study {A}broad at the {U}niversity of {M}anchester},
  year = {2025},
  url = {https://www.manchester.ac.uk/study/undergraduate/study-experience/study-abroad}
}

@misc{cern,
  author = {Anne Engineer},
  title = {Technical student programme projects at CERN},
  year = {2025},
  url = {https://careers.cern/tech-projects}
}

@misc{myplacement,
  author = {UoM},
  title = {Welcome to MyPlacement},
  year = {2025},
  url = {https://studentmobility.manchester.ac.uk}
}

@misc{changedegree,
  author = {UoM},
  title = {Request to change degree program},
  year = {2025},
  url = {https://studentnet.cs.manchester.ac.uk/ugt/changedegreeform.pdf}
}

@misc{mondaymail,
  author = {Paul Nutter},
  title = {The {M}onday {M}ail: Your weekly round-up of undergraduate life in the {D}epartment of {C}omputer {S}cience at the {U}niversity of {M}anchester},
  year = {2025},
  url = {https://studentnet.cs.manchester.ac.uk/ugt/mondaymail}
}

@misc{changing,
  author = {UoM},
  title = {Student Visas: Changing your course},
  year = {2025},
  url = {https://documents.manchester.ac.uk/display.aspx?DocID=37044}
}

@misc{regulations,
  author = {UoM},
  title = {Regulation XVII: Conduct and Discipline of Students},
  year = {2025},
  url = {https://documents.manchester.ac.uk/DocuInfo.aspx?DocID=6530}
}

@misc{ucas,
  author = {UCAS},
  title = {Is work experience important?},
  year = {2025},
  url = {https://www.ucas.com/connect/blogs/work-experience-important}
}

@misc{visitform,
  author = {Duncan Hull and David Petrescu},
  title = {Placement form to record tutor, manager and student meetings},
  year = {2025},
  url = {https://bit.ly/placement-visit-form}
}

@misc{audit,
  author = {CareersService},
  title = {My {S}kills {D}evelopment on {C}areer{C}onnect},
  year = {2025},
  url = {https://www.careers.manchester.ac.uk/options/skills/myskills}
}

@misc{manchestermind,
  author = {Manchester Mind},
  title = {We are {M}anchester {M}ind},
  year = {2025},
  url = {https://www.manchestermind.org/our-services}
}

@misc{qwell,
  author = {StudentSupport},
  title = {You are not alone: Qwell},
  year = {2025},
  url = {https://www.studentsupport.manchester.ac.uk/taking-care/qwell}
}

@misc{darbishire,
  author = {NHS},
  title = {The {R}obert {D}arbishire {P}ractice: {N}{H}{S} {G}{P} {S}urgery in {M}anchester},
  year = {2025},
  url = {https://rdp.org.uk}
}

@misc{registerNHS,
  author = {NHS},
  title = {How to register with a GP surgery in {E}ngland},
  year = {2025},
  url = {https://www.nhs.uk/nhs-services/gps/how-to-register-with-a-gp-surgery}
}


@misc{dass,
  author = {UoM},
  title = {Disability {A}dvisory and {S}upport {S}ervice at the {U}niversity of {M}anchester},
  year = {2025},
  url = {https://www.dass.manchester.ac.uk}
}

@misc{counselling,
  author = {UoM},
  title = {Counselling and {M}ental {H}ealth {S}ervice at the {U}niversity of {M}anchester},
  year = {2025},
  url = {https://www.counsellingservice.manchester.ac.uk}
}

@misc{goinglobal,
  author = {CareersService},
  title = {GoinGlobal: Explore living and working abroad},
  year = {2025},
  url = {https://www.careers.manchester.ac.uk/international/goinglobal}
}

@misc{careers,
  author = {CareersService},
  title = {Careers {S}ervice at the {U}niversity of {M}anchester},
  year = {2025},
  url = {https://www.careers.manchester.ac.uk}
}


@misc{penney,
  author = {Penney Gordon-Lanes},
  title = {The benefits of an undergraduate placement},
  year = {2022},
  url = {https://manunicareersblog.wordpress.com/2022/09/14/the-benefits-of-an-undergraduate-placement}
}


@misc{fees,
  author = {StudentSupport},
  title = {Study {A}broad, {P}lacements and {O}ther fees},
  year = {2025},
  url = {https://www.studentsupport.manchester.ac.uk/finances/tuition-fees/fee-amounts/other-fees}
}

@misc{takingcare,
  author = {StudentSupport},
  title = {Taking care of your wellbeing},
  year = {2025},
  url = {https://www.studentsupport.manchester.ac.uk/taking-care}
}

@misc{graduateoutcomes,
  author = {HESA},
  title = {The {G}raduate {O}utcomes {S}urvey},
  year = {2025},
  url = {https://www.graduateoutcomes.ac.uk}
}

@misc{interjobs,
  author = {CareersService},
  title = {Finding international jobs. Information for students looking for opportunities outside the UK},
  year = {2025},
  url = {https://www.careers.manchester.ac.uk/international/internationaljobs}
}

@misc{keydates,
  author = {UoM},
  title = {Key dates at the {U}niversity of {M}anchester},
  year = {2025},
  url = {https://www.manchester.ac.uk/discover/key-dates}
}

@misc{workingduringstudy,
  author = {StudentSupport},
  title = {Student Visas: Working during your Studies},
  year = {2025},
  url = {https://www.studentsupport.manchester.ac.uk/immigration-and-visas/working/working-during-your-studies}
}

@misc{soft,
  author = {CareersService},
  title = {How to develop your soft skills},
  year = {2025},
  url = {https://nationalcareers.service.gov.uk/careers-advice/how-to-develop-your-soft-skills}
}


@misc{wellbeing,
  author = {StudentSupport},
  title = {Taking care of your wellbeing},
  year = {2025},
  url = {https://www.studentsupport.manchester.ac.uk/taking-care}
}

@misc{whatisie,
  author = {CareersService},
  title = {What is a placement?},
  year = {2025},
  url = {https://www.careers.manchester.ac.uk/findjobs/placement}
}

@misc{professionalism,
  author = {CareersService},
  title = {Professionalism covers a range of behaviours},
  year = {2025},
  url = {https://www.careers.manchester.ac.uk/options/skills/professionalism}
}

@misc{transferable,
  author = {CareersService},
  title = {Transferable skills: Why do skills matter},
  year = {2025},
  url = {https://www.careers.manchester.ac.uk/options/skills}
}

@misc{righttowork,
  author = {CareersService},
  title = {Do {I} have the right to work in the UK?},
  year = {2025},
  url = {https://www.careers.manchester.ac.uk/applicationsinterviews/faqs/right-to-work}
}

@misc{mitcircs,
  author = {StudentSupport},
  title = {Mitigating circumstances and extension requests},
  year = {2025},
  url = {https://www.studentsupport.manchester.ac.uk/study-support/mitigating-circumstances}
}

@misc{resits,
  author = {UoM},
  title = {Resitting exams: Guidance on reassessment away from {M}anchester},
  year = {2025},
  url = {https://www.exams.manchester.ac.uk/resits}
}

@misc{employee,
  author = {CivilServant},
  title = {Employment status: Employee},
  year = {2025},
  url = {https://www.gov.uk/employment-status/employee}
}

@misc{contract,
  author = {CivilServant},
  title = {Employment contracts: Overview},
  year = {2025},
  url = {https://www.gov.uk/employment-contracts-and-conditions}
}

@misc{turing,
  author = {CivilServant},
  title = {Turing Scheme: apply for funding for international placementst},
  year = {2024},
  url = {https://www.gov.uk/guidance/turing-scheme-apply-for-funding-for-international-placements}
}

@misc{minimumwage,
  author = {CivilServant},
  title = {The {N}ational {M}inimum {W}age and {L}iving {W}age},
  year = {2025},
  url = {https://www.gov.uk/national-minimum-wage}}


@misc{discrimination,
  author = {CivilServant},
  title = {Discrimination: Your Rights and Protected Characteristics},
  year = {2025},
  url = {https://www.gov.uk/discrimination-your-rights}}

@misc{disciplinary,
  author = {CivilServant},
  title = {Disciplinary Procedures and Action Against You at Work},
  year = {2025},
  url = {https://www.gov.uk/disciplinary-procedures-and-action-at-work}}

@misc{dismissal,
  author = {CivilServant},
  title = {Dismissal: Your Rights},
  year = {2025},
  url = {https://www.gov.uk/dismissal}}

@misc{notice,
  author = {CivilServant},
  title = {Handing in Your Notice},
  year = {2025},
  url = {https://www.gov.uk/handing-in-your-notice}}

@misc{national,
  author = {CivilServant},
  title = {National {I}nsurance: {I}ntroduction},
  year = {2025},
  url = {https://www.gov.uk/national-insurance}}

@misc{apply,
  author = {CivilServant},
  title = {Apply for a {N}ational {I}nsurance number},
  year = {2025},
  url = {https://www.gov.uk/apply-national-insurance-number}}


@misc{council-tax,
  author = {CivilServant},
  title = {Council {T}ax: {I}ntroduction},
  year = {2025},
  url = {https://www.gov.uk/council-tax}}

@misc{exemption1,
  author = {StudentSupport},
  title = {How to get your {C}ouncil {T}ax exemption},
  year = {2025},
  url = {https://www.studentsupport.manchester.ac.uk/student-services/council-tax}}

@misc{exemption2,
  author = {CivilServant},
  title = {Council {T}ax: Discounts for full-time students},
  year = {2025},
  url = {https://www.gov.uk/council-tax/discounts-for-full-time-students}}
  
@misc{income-tax,
  author = {CivilServant},
  title = {Income {T}ax: {I}ntroduction},
  year = {2025},
  url = {https://www.gov.uk/income-tax}}

@misc{death,
  author = {Christopher Bullock},
  title = {The {C}obbler of {P}reston: A {F}arce},
  year = {1716},
  url = {https://en.wikipedia.org/wiki/The_Cobbler_of_Preston}}

@misc{manc,
  author = {Duncan Hull},
  title = {The {N}orthern {S}oftware {H}ouse: {E}mployers of {C}omputer {S}cience {S}tudents in {M}anchester},
  year = {2025},
  url = {https://git.io/manc}}

@misc{tebbit,
  author = {Jonn Elledge},
  title = {The absurdity of the {T}ories’ “on your bike” plea: By imploring the over-50s to become {D}eliveroo cyclists, ministers are attacking their own potential supporters},
  year = {2023},
  url = {https://www.newstatesman.com/comment/2023/08/the-absurdity-of-the-tories-on-your-bike-plea}}







